<?xml version="1.0" encoding="UTF-8"?><collection xmlns="http://www.loc.gov/MARC21/slim"><record><leader>00324nam--2200121-i-4500</leader><controlfield tag="001">000040447</controlfield><controlfield tag="002">20161230</controlfield><controlfield tag="005">20161230201042</controlfield><controlfield tag="008">060222s1000------------r-----000-0-eng-d</controlfield><datafield ind1=" " ind2=" " tag="100"><subfield code="a">Ryder, G.H</subfield></datafield><datafield ind1=" " ind2=" " tag="245"><subfield code="a">Mechanics applied to engineering</subfield></datafield><datafield ind1=" " ind2=" " tag="260"><subfield code="a">London, Cleaver-hume Press Ltd., 1958, Viii + 244p., 186 Fig</subfield></datafield><datafield ind1=" " ind2=" " tag="852"><subfield code="a">14046</subfield></datafield></record></collection>